A23650                ENERGISA            089MAREFARMA (3650-36502019012900012004                                                                     
G0000000893650       2019011020190114836200000001711005000012960992018128000930190000000017110000000000000013650    1                       1         
G0000000893650       2019011020190114836100000009036005000011587252018116000500190000000090360000000000000023650    1                       1         
G0000000893650       2019011020190114836600000001610005000011597252017068000500190000000016100000000000000033650    1                       1         
G0000000893650       2019011020190114836000000005153005000011597252018124000500190000000051530000000000000043650    1                       1         
G0000000893650       2019011020190114836300000012444005000002102092018128000500190000000124440000000000000053650    1                       1         
Z00000700000000002586953                                                                                                                              
