01REMESSA01COBRANCA       00000000000000000033RAZAO SOCIAL                  237Bradesco       290119Branco  MX0000001Branco                                                                                                                                                                                                                                                                               000001
94002120000600000052                 88701949                 2370000000000000000100000001NBrancos   R0  00Documento 15011900000000000000000000000031N290119000000000000000001102190000000000000000000000054600000000000150100004848725160Jorge Aragao                            Rua das Cerejeiras                                  78200000                                                            000001
2                                                                                                                                                                                                                                                                                                                                15011900000000000632501190000000000036       242001020023694 000777777772000003
3                            12Brancos     23722369300000000000980000000000999902                                       Brancos                              5912370087980000000000693000000000000987Renato Silva                            Brancos                              0272375687110000773064911000000000000011Joao                                    Brancos                              021000004
6322109828104049000009429841Brancos                                                                                                                                                                                                                                                                                                                                                                       000005
7Endereco Sacador/Avalista                    78200000Caceres             MTFiller                                                                                                                                                                                                                                                                                            044065490024403C00000559842N000008
9Branco                                                                                                                                                                                                                                                                                                                                                                                                   000008
