01REMESSA01COBRANCA       000000000000                                      341BANCO ITAU SA  290119                                                                                                                                                                                                                                                                                                      000001
10100004848725160000100000000    0000                         000000000000000000000115                     101667254619321021900000000200003410000001A290119110200000000000002201190000000000000000000000000000000000000000237455649000107GUILHERME CAVALARI LADEIA               COMANDANTE BALDUINO - 390               CENTRO      78285000CACERES        MTJOSE DOS CAMPOS                   29011930 000002
4010000484872516034560032435811500000456332324011534852000000000150545762534456200000000015054576253445620000000001505457625344562000000000150545762534456200000000015054576253445620000000001505457625344562000000000150545762534456200000000015054576253445620000000001505457625344562000000000150545762534456200000000015054576253445620000000001505457625344562000000000150545762534456200000004576853000003
5GUI.LADEIA.GL@GMAIL.COM                                                                                                 0100004848725160RUA AMAZONAS - 123                      CENTRO      78285000CACERES        MT                                                                                                                                                                                    000004
9                                                                                                                                                                                                                                                                                                                                                                                                         000004
