75600000         237455649000107                    04425 0000000027588 CENTERSIS TECNOLOGIA DA INFORMSICOOB                                  13001201901371300004908100000                                                                     
75600011R01  040 2037455649000107                    04425 0000000027588 CENTERSIS TECNOLOGIA DA INFORM                                                                                000000493001201900000000                                 
7560001300001P 0104425 0000000027588 000002132001014     10 221190           2201201900000000001532500000 02A30012019222012019000000000000100000000000000000000000000000000000000000000000000000000BOLETO TESTE PARCELA UNIC1000   090000000000 
7560001300002Q 012004405007000144GRANDE LOJA MACONICA DO AMAZONAS - GLOMAAV. PROF NILTON LINS                    PARQUE DAS LARA69058030MANAUS         AM2037455649000107CENTERSIS TECNOLOGIA DA INFORMACAO LTDA 000                            
7560001300003R 01000000000000000000000000000000000000000000000000222012019000000000000200          APOS VENCIMENTO COBRAR MULTA DE 2% + JUR                                                            0000000000000000 000000000000  0         
75600015         0000050000010000000000001532500000000000000000000000000000000000000000000000     00000000000000000                                                                                                                             
75699999         000001000007000000                                                                                                                                                                                                             
