75600000         237455649000107                    04425000000000275880CENTERSIS TECNOLOGIA DA INFORMSICOOB                                  12019020123595900000108100000                                                                     
75600011R01  040 2037455649000107                    0442530000000027588 CENTERSIS                                                                                                     000000010102201900000000                                 
7560001300001P 010000190000000000101 000002132001014     10 221190           2201201900000000001532500000 02A01022019222012019000000000000100000000000000000000000000000000000000000000000000000000BOLETO TESTE PARCELA UNIC1000   090000000000 
7560001300002Q 012004405007000144GRANDE LOJA MACONICA DO AMAZONAS - GLOMAAV. PROF NILTON LINS                    PARQUE DAS LARA69058030MANAUS         AM2000000000000000CENTERSIS TECNOLOGIA DA INFORMACAO LTDA 000                            
75600015         0000050000010000000000001532500000000000000000000000000000000000000000000000     00000000000000000                                                                                                                             
75699999         000001000006000000                                                                                                                                                                                                             
